<record><leader>00000cas a22000007a 4500</leader><controlfield tag="001">14983336</controlfield><controlfield tag="008">861217d19201945iauwr ne      0    0eng d</controlfield><datafield ind1=" " ind2=" " tag="010"><subfield code="a">sn 86061241 </subfield></datafield><datafield ind1=" " ind2=" " tag="040"><subfield code="a">INP</subfield><subfield code="b">eng</subfield><subfield code="c">INP</subfield><subfield code="d">OCLCQ</subfield></datafield><datafield ind1=" " ind2=" " tag="042"><subfield code="a">msc</subfield></datafield><datafield ind1="0" ind2="4" tag="245"><subfield code="a">The Waukon Republican and standard.</subfield></datafield><datafield ind1="1" ind2="3" tag="246"><subfield code="a">Republican and standard</subfield></datafield><datafield ind1="1" ind2="3" tag="246"><subfield code="a">Waukon Republican &amp; standard</subfield></datafield><datafield ind1=" " ind2=" " tag="260"><subfield code="a">Waukon, Iowa :</subfield><subfield code="b">Waukon Print. &amp; Pub. Co.,</subfield><subfield code="c">1920-1945.</subfield></datafield><datafield ind1=" " ind2=" " tag="300"><subfield code="a">26 v. :</subfield><subfield code="b">ill.</subfield></datafield><datafield ind1=" " ind2=" " tag="310"><subfield code="a">Weekly</subfield></datafield><datafield ind1="0" ind2=" " tag="362"><subfield code="a">Vol. 53, no. 14 (Apr. 21, 1920)-v. 78, no. 22 (May 30, 1945).</subfield></datafield><datafield ind1=" " ind2=" " tag="500"><subfield code="a">Publisher varies.</subfield></datafield><datafield ind1=" " ind2=" " tag="752"><subfield code="a">United States</subfield><subfield code="b">Iowa</subfield><subfield code="c">Allamakee</subfield><subfield code="d">Waukon.</subfield></datafield><datafield ind1="0" ind2="4" tag="780"><subfield code="t">Waukon Republican</subfield><subfield code="w">(DLC)sn 86061240</subfield></datafield><datafield ind1="0" ind2="4" tag="780"><subfield code="t">Waukon standard</subfield><subfield code="w">(DLC)sn 84027401</subfield></datafield><datafield ind1="0" ind2="0" tag="785"><subfield code="t">Waukon Republican-standard</subfield><subfield code="w">(DLC)sn 86061242</subfield></datafield></record>